@FOOTNOTE{Note1,key="Note1",note="Or ensemble-averaged, assuming ergodicity."}
@CONTROL{REVTEX41Control}
@CONTROL{apsrev41Control,author="08",editor="1",pages="0",title="",year="1"}
